@article{feng2021bdnnsurv,
  title={BDNNSurv: Bayesian deep neural networks for survival analysis using pseudo values},
  author={Feng, Dai and Zhao, Lili},
  journal={arXiv preprint arXiv:2101.03170},
  year={2021}
}

@article{sharaf2020blnn,
  title={BLNN: An R package for training neural networks using Bayesian inference},
  author={Sharaf, Taysseer and Williams, Theren and Chehade, Abdallah and Pokhrel, Keshav},
  journal={SoftwareX},
  volume={11},
  pages={100432},
  year={2020},
  publisher={Elsevier}
}

@inproceedings{lawrence1997lessons,
  title={Lessons in neural network training: Overfitting may be harder than expected},
  author={Lawrence, Steve and Giles, C Lee and Tsoi, Ah Chung},
  booktitle={AAAI/IAAI},
  pages={540--545},
  year={1997},
  organization={Citeseer}
}

@book{hastie2009elements,
  title={The elements of statistical learning: data mining, inference, and prediction},
  author={Hastie, Trevor and Tibshirani, Robert and Friedman, Jerome H and Friedman, Jerome H},
  volume={2},
  year={2009},
  publisher={Springer}
}

@article{burden2008bayesian,
  title={Bayesian regularization of neural networks},
  author={Burden, Frank and Winkler, Dave},
  journal={Artificial neural networks},
  pages={23--42},
  year={2008},
  publisher={Springer}
}
@article{kaplan1958nonparametric,
  title={Nonparametric estimation from incomplete observations},
  author={Kaplan, Edward L and Meier, Paul},
  journal={Journal of the American statistical association},
  volume={53},
  number={282},
  pages={457--481},
  year={1958},
  publisher={Taylor \& Francis}
}

@article{sharaf2015two,
  title={Two artificial neural networks for modeling discrete survival time of censored data},
  author={Sharaf, Taysseer and Tsokos, Chris P},
  journal={Advances in Artificial Intelligence},
  volume={2015},
  year={2015},
  publisher={Hindawi Limited}
}

@inproceedings{street1998neural,
  title={A Neural Network Model for Prognostic Prediction.},
  author={Street, W Nick},
  booktitle={ICML},
  pages={540--546},
  year={1998},
  organization={Citeseer}
}